@inproceedings{sadigh2016information,
  title={Information gathering actions over human internal state},
  author={Sadigh, Dorsa and Sastry, S Shankar and Seshia, Sanjit A and Dragan, Anca},
  booktitle={Intelligent Robots and Systems (IROS), 2016 IEEE/RSJ International Conference on},
  pages={66--73},
  year={2016},
  organization={IEEE}
}

@article{javdani2018shared,
  title={Shared autonomy via hindsight optimization for teleoperation and teaming},
  author={Javdani, Shervin and Admoni, Henny and Pellegrinelli, Stefania and Srinivasa, Siddhartha S and Bagnell, J Andrew},
  journal={The International Journal of Robotics Research},
  pages={0278364918776060},
  year={2018},
  publisher={SAGE Publications Sage UK: London, England}
}

@incollection{littman1995learning,
  title={Learning policies for partially observable environments: Scaling up},
  author={Littman, Michael L and Cassandra, Anthony R and Kaelbling, Leslie Pack},
  booktitle={Machine Learning Proceedings 1995},
  pages={362--370},
  year={1995},
  publisher={Elsevier}
}

@inproceedings{yu2005telemanipulation,
  title={Telemanipulation assistance based on motion intention recognition},
  author={Yu, Wentao and Alqasemi, Redwan and Dubey, Rajiv and Pernalete, Norali},
  booktitle={Robotics and Automation, 2005. ICRA 2005. Proceedings of the 2005 IEEE International Conference on},
  pages={1121--1126},
  year={2005},
  organization={IEEE}
}

@article{kragic2005human,
  title={Human-machine collaborative systems for microsurgical applications},
  author={Kragic, Danica and Marayong, Panadda and Li, Ming and Okamura, Allison M and Hager, Gregory D},
  journal={The International Journal of Robotics Research},
  volume={24},
  number={9},
  pages={731--741},
  year={2005},
  publisher={SAGE Publications}
}

@inproceedings{schultz2017goal,
  title={Goal-predictive robotic teleoperation from noisy sensors},
  author={Schultz, Christopher and Gaurav, Sanket and Monfort, Mathew and Zhang, Lingfei and Ziebart, Brian D},
  booktitle={Robotics and Automation (ICRA), 2017 IEEE International Conference on},
  pages={5377--5383},
  year={2017},
  organization={IEEE}
}

@inproceedings{fagg2004extracting,
  title={Extracting user intent in mixed initiative teleoperator control},
  author={Fagg, Andrew and Rosenstein, Michael and Platt, Robert and Grupen, Roderic},
  booktitle={AIAA 1st Intelligent Systems Technical Conference},
  pages={6309},
  year={2004}
}

@inproceedings{aigner1997human,
  title={Human integration into robot control utilising potential fields},
  author={Aigner, Peter and McCarragher, Brenan},
  booktitle={Robotics and Automation, 1997. Proceedings., 1997 IEEE International Conference on},
  volume={1},
  pages={291--296},
  year={1997},
  organization={IEEE}
}

@inproceedings{goodrich2001experiments,
  title={Experiments in adjustable autonomy},
  author={Goodrich, Michael A and Olsen, Dan R and Crandall, Jacob W and Palmer, Thomas J},
  booktitle={Proceedings of IJCAI Workshop on autonomy, delegation and control: interacting with intelligent agents},
  pages={1624--1629},
  year={2001},
  organization={Seattle, WA: American Association for Artificial Intelligence Press}
}

@incollection{debus2001cooperative,
  title={Cooperative human and machine perception in teleoperated assembly},
  author={Debus, Thomas and Stoll, Jeffrey and Howe, Robert D and Dupont, Pierre},
  booktitle={Experimental Robotics VII},
  pages={51--60},
  year={2001},
  publisher={Springer}
}

@book{dragan2012formalizing,
  title={Formalizing assistive teleoperation},
  author={Dragan, Anca D and Srinivasa, Siddhartha S},
  year={2012},
  publisher={MIT Press, July}
}

@article{javdani2015shared,
  title={Shared autonomy via hindsight optimization},
  author={Javdani, Shervin and Srinivasa, Siddhartha S and Bagnell, J Andrew},
  journal={arXiv preprint arXiv:1503.07619},
  year={2015}
}

@article{ramachandran2007bayesian,
  title={Bayesian inverse reinforcement learning},
  author={Ramachandran, Deepak and Amir, Eyal},
  journal={Urbana},
  volume={51},
  number={61801},
  pages={1--4},
  year={2007}
}

@inproceedings{ziebart2008maximum,
  title={Maximum Entropy Inverse Reinforcement Learning.},
  author={Ziebart, Brian D and Maas, Andrew L and Bagnell, J Andrew and Dey, Anind K},
  booktitle={AAAI},
  volume={8},
  pages={1433--1438},
  year={2008},
  organization={Chicago, IL, USA}
}

@inproceedings{holub2008entropy,
  title={Entropy-based active learning for object recognition},
  author={Holub, Alex and Perona, Pietro and Burl, Michael C},
  booktitle={Computer Vision and Pattern Recognition Workshops, 2008. CVPRW'08. IEEE Computer Society Conference on},
  pages={1--8},
  year={2008},
  organization={IEEE}
}